11000001120000011300000121000001220000012300000131000001320000013300000201000002
10000013200000133000002010000020200000203000002110000021200000213000002210000022
00032100000322000003230000033100000332000003330000100100001002000010030000101100
00000120000001300000021000000220000002300000031000000320000003300000101000001020
00102200001023000010310000103200001033000011010000110200001103000011110000111200
00230000003100000032000000330000010100000102000001030000011100000112000001130000
00012300000131000001320000013300000201000002020000020300000211000002120000021300
03000002110000021200000213000002210000022200000223000002310000023200000233000003
32100000322000003230000033100000332000003330000100100001002000010030000101100001
00010110000101200001013000010210000102200001023000010310000103200001033000011010
30100000302000003030000031100000312000003130000032100000322000003230000033100000
20000022300000231000002320000023300000301000003020000030300000311000003120000031
00000000100000002000000030000001100000012000000130000002100000022000000230000003
31300000321000003220000032300000331000003320000033300001001000010020000100300001
00031100000312000003130000032100000322000003230000033100000332000003330000100100
13100000132000001330000020100000202000002030000021100000212000002130000022100000
00001010000010200000103000001110000011200000113000001210000012200000123000001310
00100000002000000030000001100000012000000130000002100000022000000230000003100000
21000000220000002300000031000000320000003300000101000001020000010300000111000001
00200001003000010110000101200001013000010210000102200001023000010310000103200001
00000133000002010000020200000203000002110000021200000213000002210000022200000223
00000121000001220000012300000131000001320000013300000201000002020000020300000211
22000003230000033100000332000003330000100100001002000010030000101100001012000010
12300000131000001320000013300000201000002020000020300000211000002120000021300000
00000013000000210000002200000023000000310000003200000033000001010000010200000103
00000031000000320000003300000101000001020000010300000111000001120000011300000121
11010000110200001103000011110000111200001113000011210000112200001123000011310000
00132000001330000020100000202000002030000021100000212000002130000022100000222000
03220000032300000331000003320000033300001001000010020000100300001011000010120000
00000212000002130000022100000222000002230000023100000232000002330000030100000302
00002310000023200000233000003010000030200000303000003110000031200000313000003210
03000003110000031200000313000003210000032200000323000003310000033200000333000010
30000033100000332000003330000100100001002000010030000101100001012000010130000102
00001022000010230000103100001032000010330000110100001102000011030000111100001112
00010020000100300001011000010120000101300001021000010220000102300001031000010320
10000103200001033000011010000110200001103000011110000111200001113000011210000112
20000030300000311000003120000031300000321000003220000032300000331000003320000033
00110000001200000013000000210000002200000023000000310000003200000033000001010000
30000032100000322000003230000033100000332000003330000100100001002000010030000101
03200001033000011010000110200001103000011110000111200001113000011210000112200001
00311000003120000031300000321000003220000032300000331000003320000033300001001000
12200000123000001310000013200000133000002010000020200000203000002110000021200000
00000310000003200000033000001010000010200000103000001110000011200000113000001210
02000001030000011100000112000001130000012100000122000001230000013100000132000001
00213000002210000022200000223000002310000023200000233000003010000030200000303000
10300000111000001120000011300000121000001220000012300000131000001320000013300000
00133000002010000020200000203000002110000021200000213000002210000022200000223000
00000112000001130000012100000122000001230000013100000132000001330000020100000202
00012100000122000001230000013100000132000001330000020100000202000002030000021100
00332000003330000100100001002000010030000101100001012000010130000102100001022000
00000023000000310000003200000033000001010000010200000103000001110000011200000113
00000330000010100000102000001030000011100000112000001130000012100000122000001230
10200000103000001110000011200000113000001210000012200000123000001310000013200000
13000010210000102200001023000010310000103200001033000011010000110200001103000011
00001100000012000000130000002100000022000000230000003100000032000000330000010100
01130000012100000122000001230000013100000132000001330000020100000202000002030000
01310000013200000133000002010000020200000203000002110000021200000213000002210000
20000103300001101000011020000110300001111000011120000111300001121000011220000112
00000300000011000000120000001300000021000000220000002300000031000000320000003300
00002120000021300000221000002220000022300000231000002320000023300000301000003020
20000010300000111000001120000011300000121000001220000012300000131000001320000013
22000002230000023100000232000002330000030100000302000003030000031100000312000003
00002100000022000000230000003100000032000000330000010100000102000001030000011100
00100200001003000010110000101200001013000010210000102200001023000010310000103200
00010000000200000003000000110000001200000013000000210000002200000023000000310000
00033200000333000010010000100200001003000010110000101200001013000010210000102200
00022000000230000003100000032000000330000010100000102000001030000011100000112000
00000311000003120000031300000321000003220000032300000331000003320000033300001001
00211000002120000021300000221000002220000022300000231000002320000023300000301000
22100000222000002230000023100000232000002330000030100000302000003030000031100000
00010320000103300001101000011020000110300001111000011120000111300001121000011220
02230000023100000232000002330000030100000302000003030000031100000312000003130000
00033100000332000003330000100100001002000010030000101100001012000010130000102100
00000110000001200000013000000210000002200000023000000310000003200000033000001010
02200001023000010310000103200001033000011010000110200001103000011110000111200001
00121000001220000012300000131000001320000013300000201000002020000020300000211000
00223000002310000023200000233000003010000030200000303000003110000031200000313000
10000031200000313000003210000032200000323000003310000033200000333000010010000100
00000022000000230000003100000032000000330000010100000102000001030000011100000112
30000011100000112000001130000012100000122000001230000013100000132000001330000020
00013100000132000001330000020100000202000002030000021100000212000002130000022100
01000000020000000300000011000000120000001300000021000000220000002300000031000000
00103300001101000011020000110300001111000011120000111300001121000011220000112300
00023300000301000003020000030300000311000003120000031300000321000003220000032300
00300000011000000120000001300000021000000220000002300000031000000320000003300000
10010000100200001003000010110000101200001013000010210000102200001023000010310000
00032200000323000003310000033200000333000010010000100200001003000010110000101200
10210000102200001023000010310000103200001033000011010000110200001103000011110000
03030000031100000312000003130000032100000322000003230000033100000332000003330000
00000103000001110000011200000113000001210000012200000123000001310000013200000133
00100300001011000010120000101300001021000010220000102300001031000010320000103300
00010200000103000001110000011200000113000001210000012200000123000001310000013200
00011010000110200001103000011110000111200001113000011210000112200001123000011310
10000023200000233000003010000030200000303000003110000031200000313000003210000032
00001023000010310000103200001033000011010000110200001103000011110000111200001113
00001101000011020000110300001111000011120000111300001121000011220000112300001131
02300000031000000320000003300000101000001020000010300000111000001120000011300000
00100100001002000010030000101100001012000010130000102100001022000010230000103100
10000030200000303000003110000031200000313000003210000032200000323000003310000033
01100000012000000130000002100000022000000230000003100000032000000330000010100000
00101100001012000010130000102100001022000010230000103100001032000010330000110100
20000032300000331000003320000033300001001000010020000100300001011000010120000101
01003000010110000101200001013000010210000102200001023000010310000103200001033000
12000002130000022100000222000002230000023100000232000002330000030100000302000003
00001220000012300000131000001320000013300000201000002020000020300000211000002120
00001032000010330000110100001102000011030000111100001112000011130000112100001122
00000032000000330000010100000102000001030000011100000112000001130000012100000122
00022300000231000002320000023300000301000003020000030300000311000003120000031300
00002020000020300000211000002120000021300000221000002220000022300000231000002320
10130000102100001022000010230000103100001032000010330000110100001102000011030000
00000320000003300000101000001020000010300000111000001120000011300000121000001220
00011100000112000001130000012100000122000001230000013100000132000001330000020100
00203000002110000021200000213000002210000022200000223000002310000023200000233000
10220000102300001031000010320000103300001101000011020000110300001111000011120000
11200000113000001210000012200000123000001310000013200000133000002010000020200000
30000013100000132000001330000020100000202000002030000021100000212000002130000022
00010120000101300001021000010220000102300001031000010320000103300001101000011020
00011000000120000001300000021000000220000002300000031000000320000003300000101000
00110100001102000011030000111100001112000011130000112100001122000011230000113100
00002220000022300000231000002320000023300000301000003020000030300000311000003120
00011030000111100001112000011130000112100001122000011230000113100001132000011330
00000002000000030000001100000012000000130000002100000022000000230000003100000032
00002210000022200000223000002310000023200000233000003010000030200000303000003110
01320000013300000201000002020000020300000211000002120000021300000221000002220000
00010030000101100001012000010130000102100001022000010230000103100001032000010330
00000221000002220000022300000231000002320000023300000301000003020000030300000311
13000001210000012200000123000001310000013200000133000002010000020200000203000002
31000002320000023300000301000003020000030300000311000003120000031300000321000003
03210000032200000323000003310000033200000333000010010000100200001003000010110000
00102100001022000010230000103100001032000010330000110100001102000011030000111100
00003330000100100001002000010030000101100001012000010130000102100001022000010230
00000033000001010000010200000103000001110000011200000113000001210000012200000123
00002030000021100000212000002130000022100000222000002230000023100000232000002330
02010000020200000203000002110000021200000213000002210000022200000223000002310000
00000102000001030000011100000112000001130000012100000122000001230000013100000132
00001000000020000000300000011000000120000001300000021000000220000002300000031000
02330000030100000302000003030000031100000312000003130000032100000322000003230000
32000003330000100100001002000010030000101100001012000010130000102100001022000010
00000312000003130000032100000322000003230000033100000332000003330000100100001002
30000103100001032000010330000110100001102000011030000111100001112000011130000112
00232000002330000030100000302000003030000031100000312000003130000032100000322000
00000001000000020000000300000011000000120000001300000021000000220000002300000031
00000130000002100000022000000230000003100000032000000330000010100000102000001030
33200000333000010010000100200001003000010110000101200001013000010210000102200001
00102300001031000010320000103300001101000011020000110300001111000011120000111300
03320000033300001001000010020000100300001011000010120000101300001021000010220000
00231000002320000023300000301000003020000030300000311000003120000031300000321000
03110000031200000313000003210000032200000323000003310000033200000333000010010000
00001001000010020000100300001011000010120000101300001021000010220000102300001031
33000003010000030200000303000003110000031200000313000003210000032200000323000003
00000222000002230000023100000232000002330000030100000302000003030000031100000312
10200001103000011110000111200001113000011210000112200001123000011310000113200001
01033000011010000110200001103000011110000111200001113000011210000112200001123000
20000033300001001000010020000100300001011000010120000101300001021000010220000102
20100000202000002030000021100000212000002130000022100000222000002230000023100000
00021300000221000002220000022300000231000002320000023300000301000003020000030300
00002000000030000001100000012000000130000002100000022000000230000003100000032000
10000032200000323000003310000033200000333000010010000100200001003000010110000101
00002110000021200000213000002210000022200000223000002310000023200000233000003010
00000202000002030000021100000212000002130000022100000222000002230000023100000232
01000002020000020300000211000002120000021300000221000002220000022300000231000002
01000011020000110300001111000011120000111300001121000011220000112300001131000011
00103100001032000010330000110100001102000011030000111100001112000011130000112100
00002230000023100000232000002330000030100000302000003030000031100000312000003130
10000021200000213000002210000022200000223000002310000023200000233000003010000030
30200000303000003110000031200000313000003210000032200000323000003310000033200000
00002320000023300000301000003020000030300000311000003120000031300000321000003220
01300001021000010220000102300001031000010320000103300001101000011020000110300001
00001330000020100000202000002030000021100000212000002130000022100000222000002230
12000003130000032100000322000003230000033100000332000003330000100100001002000010
01200000013000000210000002200000023000000310000003200000033000001010000010200000
13000002210000022200000223000002310000023200000233000003010000030200000303000003
10310000103200001033000011010000110200001103000011110000111200001113000011210000
33000011010000110200001103000011110000111200001113000011210000112200001123000011
00300001011000010120000101300001021000010220000102300001031000010320000103300001
00120000001300000021000000220000002300000031000000320000003300000101000001020000
00010230000103100001032000010330000110100001102000011030000111100001112000011130
30000030100000302000003030000031100000312000003130000032100000322000003230000033
00001102000011030000111100001112000011130000112100001122000011230000113100001132
01000010020000100300001011000010120000101300001021000010220000102300001031000010
00330000010100000102000001030000011100000112000001130000012100000122000001230000
00001002000010030000101100001012000010130000102100001022000010230000103100001032
01002000010030000101100001012000010130000102100001022000010230000103100001032000
00333000010010000100200001003000010110000101200001013000010210000102200001023000
00020300000211000002120000021300000221000002220000022300000231000002320000023300
10000100200001003000010110000101200001013000010210000102200001023000010310000103
00021000000220000002300000031000000320000003300000101000001020000010300000111000
22000000230000003100000032000000330000010100000102000001030000011100000112000001
01010000010200000103000001110000011200000113000001210000012200000123000001310000
10000001200000013000000210000002200000023000000310000003200000033000001010000010
00031000000320000003300000101000001020000010300000111000001120000011300000121000
30000022100000222000002230000023100000232000002330000030100000302000003030000031
00010130000102100001022000010230000103100001032000010330000110100001102000011030
00000210000002200000023000000310000003200000033000001010000010200000103000001110
00233000003010000030200000303000003110000031200000313000003210000032200000323000
00020100000202000002030000021100000212000002130000022100000222000002230000023100
00031200000313000003210000032200000323000003310000033200000333000010010000100200
00030300000311000003120000031300000321000003220000032300000331000003320000033300
00003320000033300001001000010020000100300001011000010120000101300001021000010220
00301000003020000030300000311000003120000031300000321000003220000032300000331000
20000011300000121000001220000012300000131000001320000013300000201000002020000020
00000302000003030000031100000312000003130000032100000322000003230000033100000332
00030100000302000003030000031100000312000003130000032100000322000003230000033100
11000003120000031300000321000003220000032300000331000003320000033300001001000010
00010210000102200001023000010310000103200001033000011010000110200001103000011110
00003120000031300000321000003220000032300000331000003320000033300001001000010020
00003030000031100000312000003130000032100000322000003230000033100000332000003330
33000010010000100200001003000010110000101200001013000010210000102200001023000010
00310000003200000033000001010000010200000103000001110000011200000113000001210000
00013300000201000002020000020300000211000002120000021300000221000002220000022300
00003200000033000001010000010200000103000001110000011200000113000001210000012200
21000001220000012300000131000001320000013300000201000002020000020300000211000002
00112000001130000012100000122000001230000013100000132000001330000020100000202000
30000020100000202000002030000021100000212000002130000022100000222000002230000023
31200000313000003210000032200000323000003310000033200000333000010010000100200001
10000002200000023000000310000003200000033000001010000010200000103000001110000011
20000003300000101000001020000010300000111000001120000011300000121000001220000012
03300000101000001020000010300000111000001120000011300000121000001220000012300000
00001033000011010000110200001103000011110000111200001113000011210000112200001123
30000002100000022000000230000003100000032000000330000010100000102000001030000011
10120000101300001021000010220000102300001031000010320000103300001101000011020000
10030000101100001012000010130000102100001022000010230000103100001032000010330000
00103000001110000011200000113000001210000012200000123000001310000013200000133000
00001021000010220000102300001031000010320000103300001101000011020000110300001111
00023000000310000003200000033000001010000010200000103000001110000011200000113000
00000132000001330000020100000202000002030000021100000212000002130000022100000222
01013000010210000102200001023000010310000103200001033000011010000110200001103000
00000131000001320000013300000201000002020000020300000211000002120000021300000221
00302000003030000031100000312000003130000032100000322000003230000033100000332000
03330000100100001002000010030000101100001012000010130000102100001022000010230000
11020000110300001111000011120000111300001121000011220000112300001131000011320000
00212000002130000022100000222000002230000023100000232000002330000030100000302000
01032000010330000110100001102000011030000111100001112000011130000112100001122000
00000003000000110000001200000013000000210000002200000023000000310000003200000033
00210000002200000023000000310000003200000033000001010000010200000103000001110000
00222000002230000023100000232000002330000030100000302000003030000031100000312000
31000000320000003300000101000001020000010300000111000001120000011300000121000001
11000010120000101300001021000010220000102300001031000010320000103300001101000011
00101000001020000010300000111000001120000011300000121000001220000012300000131000
10000011200000113000001210000012200000123000001310000013200000133000002010000020
20000102300001031000010320000103300001101000011020000110300001111000011120000111
00000230000003100000032000000330000010100000102000001030000011100000112000001130
00000211000002120000021300000221000002220000022300000231000002320000023300000301
01001000010020000100300001011000010120000101300001021000010220000102300001031000
02020000020300000211000002120000021300000221000002220000022300000231000002320000
03100000032000000330000010100000102000001030000011100000112000001130000012100000
00023200000233000003010000030200000303000003110000031200000313000003210000032200
03310000033200000333000010010000100200001003000010110000101200001013000010210000
00010010000100200001003000010110000101200001013000010210000102200001023000010310
03000000110000001200000013000000210000002200000023000000310000003200000033000001
20200000203000002110000021200000213000002210000022200000223000002310000023200000
00313000003210000032200000323000003310000033200000333000010010000100200001003000
03020000030300000311000003120000031300000321000003220000032300000331000003320000
30000021100000212000002130000022100000222000002230000023100000232000002330000030
33000001010000010200000103000001110000011200000113000001210000012200000123000001
22000010230000103100001032000010330000110100001102000011030000111100001112000011
03120000031300000321000003220000032300000331000003320000033300001001000010020000
20000110300001111000011120000111300001121000011220000112300001131000011320000113
00001210000012200000123000001310000013200000133000002010000020200000203000002110
02220000022300000231000002320000023300000301000003020000030300000311000003120000
11100000112000001130000012100000122000001230000013100000132000001330000020100000
10000010200000103000001110000011200000113000001210000012200000123000001310000013
10100000102000001030000011100000112000001130000012100000122000001230000013100000
00003210000032200000323000003310000033200000333000010010000100200001003000010110
33000002010000020200000203000002110000021200000213000002210000022200000223000002
01120000011300000121000001220000012300000131000001320000013300000201000002020000
02200000023000000310000003200000033000001010000010200000103000001110000011200000
01000001020000010300000111000001120000011300000121000001220000012300000131000001
00110200001103000011110000111200001113000011210000112200001123000011310000113200
03130000032100000322000003230000033100000332000003330000100100001002000010030000
23000003310000033200000333000010010000100200001003000010110000101200001013000010
00331000003320000033300001001000010020000100300001011000010120000101300001021000
00001011000010120000101300001021000010220000102300001031000010320000103300001101
00001013000010210000102200001023000010310000103200001033000011010000110200001103
21200000213000002210000022200000223000002310000023200000233000003010000030200000
01030000011100000112000001130000012100000122000001230000013100000132000001330000
12000001130000012100000122000001230000013100000132000001330000020100000202000002
20000013300000201000002020000020300000211000002120000021300000221000002220000022
00100001002000010030000101100001012000010130000102100001022000010230000103100001
00003020000030300000311000003120000031300000321000003220000032300000331000003320
00003130000032100000322000003230000033100000332000003330000100100001002000010030
00000203000002110000021200000213000002210000022200000223000002310000023200000233
30000101100001012000010130000102100001022000010230000103100001032000010330000110
00303000003110000031200000313000003210000032200000323000003310000033200000333000
01011000010120000101300001021000010220000102300001031000010320000103300001101000
32200000323000003310000033200000333000010010000100200001003000010110000101200001
00113000001210000012200000123000001310000013200000133000002010000020200000203000
01012000010130000102100001022000010230000103100001032000010330000110100001102000
00000323000003310000033200000333000010010000100200001003000010110000101200001013
00012200000123000001310000013200000133000002010000020200000203000002110000021200
00122000001230000013100000132000001330000020100000202000002030000021100000212000
00000213000002210000022200000223000002310000023200000233000003010000030200000303
00013000000210000002200000023000000310000003200000033000001010000010200000103000
10230000103100001032000010330000110100001102000011030000111100001112000011130000
00011300000121000001220000012300000131000001320000013300000201000002020000020300
00001012000010130000102100001022000010230000103100001032000010330000110100001102
01031000010320000103300001101000011020000110300001111000011120000111300001121000
00000100000002000000030000001100000012000000130000002100000022000000230000003100
00001110000011200000113000001210000012200000123000001310000013200000133000002010
00202000002030000021100000212000002130000022100000222000002230000023100000232000
00200000003000000110000001200000013000000210000002200000023000000310000003200000
00033000001010000010200000103000001110000011200000113000001210000012200000123000
00013200000133000002010000020200000203000002110000021200000213000002210000022200
10100001102000011030000111100001112000011130000112100001122000011230000113100001
00010330000110100001102000011030000111100001112000011130000112100001122000011230
00000232000002330000030100000302000003030000031100000312000003130000032100000322
10000022200000223000002310000023200000233000003010000030200000303000003110000031
03010000030200000303000003110000031200000313000003210000032200000323000003310000
12000010130000102100001022000010230000103100001032000010330000110100001102000011
02130000022100000222000002230000023100000232000002330000030100000302000003030000
20000021300000221000002220000022300000231000002320000023300000301000003020000030
12100000122000001230000013100000132000001330000020100000202000002030000021100000
00000101000001020000010300000111000001120000011300000121000001220000012300000131
21100000212000002130000022100000222000002230000023100000232000002330000030100000
00002010000020200000203000002110000021200000213000002210000022200000223000002310
00010300000111000001120000011300000121000001220000012300000131000001320000013300
21300000221000002220000022300000231000002320000023300000301000003020000030300000
23000001310000013200000133000002010000020200000203000002110000021200000213000002
32000002330000030100000302000003030000031100000312000003130000032100000322000003
20000100300001011000010120000101300001021000010220000102300001031000010320000103
20000020300000211000002120000021300000221000002220000022300000231000002320000023
01021000010220000102300001031000010320000103300001101000011020000110300001111000
00003300000101000001020000010300000111000001120000011300000121000001220000012300
00000303000003110000031200000313000003210000032200000323000003310000033200000333
00000220000002300000031000000320000003300000101000001020000010300000111000001120
00101300001021000010220000102300001031000010320000103300001101000011020000110300
00000111000001120000011300000121000001220000012300000131000001320000013300000201
01200001013000010210000102200001023000010310000103200001033000011010000110200001
00000012000000130000002100000022000000230000003100000032000000330000010100000102
00000333000010010000100200001003000010110000101200001013000010210000102200001023
00030200000303000003110000031200000313000003210000032200000323000003310000033200
00123000001310000013200000133000002010000020200000203000002110000021200000213000
01020000010300000111000001120000011300000121000001220000012300000131000001320000
00000010000000200000003000000110000001200000013000000210000002200000023000000310
33300001001000010020000100300001011000010120000101300001021000010220000102300001
02000000030000001100000012000000130000002100000022000000230000003100000032000000
00000331000003320000033300001001000010020000100300001011000010120000101300001021
00032300000331000003320000033300001001000010020000100300001011000010120000101300
20000101300001021000010220000102300001031000010320000103300001101000011020000110
31000001320000013300000201000002020000020300000211000002120000021300000221000002
00031300000321000003220000032300000331000003320000033300001001000010020000100300
00021200000213000002210000022200000223000002310000023200000233000003010000030200
30000023100000232000002330000030100000302000003030000031100000312000003130000032
00001120000011300000121000001220000012300000131000001320000013300000201000002020
02000002030000021100000212000002130000022100000222000002230000023100000232000002
02000011030000111100001112000011130000112100001122000011230000113100001132000011
20300000211000002120000021300000221000002220000022300000231000002320000023300000
00002200000023000000310000003200000033000001010000010200000103000001110000011200
00131000001320000013300000201000002020000020300000211000002120000021300000221000
02100000022000000230000003100000032000000330000010100000102000001030000011100000
02120000021300000221000002220000022300000231000002320000023300000301000003020000
02000010030000101100001012000010130000102100001022000010230000103100001032000010
22000001230000013100000132000001330000020100000202000002030000021100000212000002
03000001110000011200000113000001210000012200000123000001310000013200000133000002
10000033200000333000010010000100200001003000010110000101200001013000010210000102
00003010000030200000303000003110000031200000313000003210000032200000323000003310
00010100000102000001030000011100000112000001130000012100000122000001230000013100
00000021000000220000002300000031000000320000003300000101000001020000010300000111
00000201000002020000020300000211000002120000021300000221000002220000022300000231
00111000001120000011300000121000001220000012300000131000001320000013300000201000
00002130000022100000222000002230000023100000232000002330000030100000302000003030
00001030000011100000112000001130000012100000122000001230000013100000132000001330
00103200001033000011010000110200001103000011110000111200001113000011210000112200
00320000003300000101000001020000010300000111000001120000011300000121000001220000
03100001032000010330000110100001102000011030000111100001112000011130000112100001
00002300000031000000320000003300000101000001020000010300000111000001120000011300
00000313000003210000032200000323000003310000033200000333000010010000100200001003
10000012200000123000001310000013200000133000002010000020200000203000002110000021
01101000011020000110300001111000011120000111300001121000011220000112300001131000
30000110100001102000011030000111100001112000011130000112100001122000011230000113
21000003220000032300000331000003320000033300001001000010020000100300001011000010
01100001012000010130000102100001022000010230000103100001032000010330000110100001
00032000000330000010100000102000001030000011100000112000001130000012100000122000
10320000103300001101000011020000110300001111000011120000111300001121000011220000
10000020200000203000002110000021200000213000002210000022200000223000002310000023
30000100100001002000010030000101100001012000010130000102100001022000010230000103
30000031100000312000003130000032100000322000003230000033100000332000003330000100
00002330000030100000302000003030000031100000312000003130000032100000322000003230
31000010320000103300001101000011020000110300001111000011120000111300001121000011
00001130000012100000122000001230000013100000132000001330000020100000202000002030
00323000003310000033200000333000010010000100200001003000010110000101200001013000
02000003030000031100000312000003130000032100000322000003230000033100000332000003
00201000002020000020300000211000002120000021300000221000002220000022300000231000
00003110000031200000313000003210000032200000323000003310000033200000333000010010
30000010100000102000001030000011100000112000001130000012100000122000001230000013
23200000233000003010000030200000303000003110000031200000313000003210000032200000
23300000301000003020000030300000311000003120000031300000321000003220000032300000
00003220000032300000331000003320000033300001001000010020000100300001011000010120
02300001031000010320000103300001101000011020000110300001111000011120000111300001
10000003200000033000001010000010200000103000001110000011200000113000001210000012
10000110200001103000011110000111200001113000011210000112200001123000011310000113
00312000003130000032100000322000003230000033100000332000003330000100100001002000
00000301000003020000030300000311000003120000031300000321000003220000032300000331
12000000130000002100000022000000230000003100000032000000330000010100000102000001
00101200001013000010210000102200001023000010310000103200001033000011010000110200
00000123000001310000013200000133000002010000020200000203000002110000021200000213
22300000231000002320000023300000301000003020000030300000311000003120000031300000
00000030000001100000012000000130000002100000022000000230000003100000032000000330
00000322000003230000033100000332000003330000100100001002000010030000101100001012
01230000013100000132000001330000020100000202000002030000021100000212000002130000
00001230000013100000132000001330000020100000202000002030000021100000212000002130
00003230000033100000332000003330000100100001002000010030000101100001012000010130
23000002310000023200000233000003010000030200000303000003110000031200000313000003
23000000310000003200000033000001010000010200000103000001110000011200000113000001
02320000023300000301000003020000030300000311000003120000031300000321000003220000
13000000210000002200000023000000310000003200000033000001010000010200000103000001
21000002220000022300000231000002320000023300000301000003020000030300000311000003
01102000011030000111100001112000011130000112100001122000011230000113100001132000
00001200000013000000210000002200000023000000310000003200000033000001010000010200
23100000232000002330000030100000302000003030000031100000312000003130000032100000
20000031300000321000003220000032300000331000003320000033300001001000010020000100
00000200000003000000110000001200000013000000210000002200000023000000310000003200
00221000002220000022300000231000002320000023300000301000003020000030300000311000
02030000021100000212000002130000022100000222000002230000023100000232000002330000
20000002300000031000000320000003300000101000001020000010300000111000001120000011
02310000023200000233000003010000030200000303000003110000031200000313000003210000
20000000300000011000000120000001300000021000000220000002300000031000000320000003
00010220000102300001031000010320000103300001101000011020000110300001111000011120
10110000101200001013000010210000102200001023000010310000103200001033000011010000
00023100000232000002330000030100000302000003030000031100000312000003130000032100
32000001330000020100000202000002030000021100000212000002130000022100000222000002
01022000010230000103100001032000010330000110100001102000011030000111100001112000
13200000133000002010000020200000203000002110000021200000213000002210000022200000
30000003100000032000000330000010100000102000001030000011100000112000001130000012
30000012100000122000001230000013100000132000001330000020100000202000002030000021
00000321000003220000032300000331000003320000033300001001000010020000100300001011
00000020000000300000011000000120000001300000021000000220000002300000031000000320
00102000001030000011100000112000001130000012100000122000001230000013100000132000
03300001101000011020000110300001111000011120000111300001121000011220000112300001
02210000022200000223000002310000023200000233000003010000030200000303000003110000
23000010310000103200001033000011010000110200001103000011110000111200001113000011
00003100000032000000330000010100000102000001030000011100000112000001130000012100
01330000020100000202000002030000021100000212000002130000022100000222000002230000
01210000012200000123000001310000013200000133000002010000020200000203000002110000
00001020000010300000111000001120000011300000121000001220000012300000131000001320
00000223000002310000023200000233000003010000030200000303000003110000031200000313
02110000021200000213000002210000022200000223000002310000023200000233000003010000
22200000223000002310000023200000233000003010000030200000303000003110000031200000
00000233000003010000030200000303000003110000031200000313000003210000032200000323
00021100000212000002130000022100000222000002230000023100000232000002330000030100
00001320000013300000201000002020000020300000211000002120000021300000221000002220
00001031000010320000103300001101000011020000110300001111000011120000111300001121
00003310000033200000333000010010000100200001003000010110000101200001013000010210
00322000003230000033100000332000003330000100100001002000010030000101100001012000
00003000000110000001200000013000000210000002200000023000000310000003200000033000
10000101200001013000010210000102200001023000010310000103200001033000011010000110
03230000033100000332000003330000100100001002000010030000101100001012000010130000
00030000001100000012000000130000002100000022000000230000003100000032000000330000
30000102100001022000010230000103100001032000010330000110100001102000011030000111
00022100000222000002230000023100000232000002330000030100000302000003030000031100
01300000021000000220000002300000031000000320000003300000101000001020000010300000
00000011000000120000001300000021000000220000002300000031000000320000003300000101
01023000010310000103200001033000011010000110200001103000011110000111200001113000
01220000012300000131000001320000013300000201000002020000020300000211000002120000
00000231000002320000023300000301000003020000030300000311000003120000031300000321
13300000201000002020000020300000211000002120000021300000221000002220000022300000
00022200000223000002310000023200000233000003010000030200000303000003110000031200
11000002120000021300000221000002220000022300000231000002320000023300000301000003
20000001300000021000000220000002300000031000000320000003300000101000001020000010
30300000311000003120000031300000321000003220000032300000331000003320000033300001
00020200000203000002110000021200000213000002210000022200000223000002310000023200
00001310000013200000133000002010000020200000203000002110000021200000213000002210
00033300001001000010020000100300001011000010120000101300001021000010220000102300
00000113000001210000012200000123000001310000013200000133000002010000020200000203
10000102200001023000010310000103200001033000011010000110200001103000011110000111
00012000000130000002100000022000000230000003100000032000000330000010100000102000
20000012300000131000001320000013300000201000002020000020300000211000002120000021
03000010110000101200001013000010210000102200001023000010310000103200001033000011
31100000312000003130000032100000322000003230000033100000332000003330000100100001
31000003320000033300001001000010020000100300001011000010120000101300001021000010
00001003000010110000101200001013000010210000102200001023000010310000103200001033
33100000332000003330000100100001002000010030000101100001012000010130000102100001
00220000002300000031000000320000003300000101000001020000010300000111000001120000
00321000003220000032300000331000003320000033300001001000010020000100300001011000
13000003210000032200000323000003310000033200000333000010010000100200001003000010
03200000033000001010000010200000103000001110000011200000113000001210000012200000
00011200000113000001210000012200000123000001310000013200000133000002010000020200
32000000330000010100000102000001030000011100000112000001130000012100000122000001
10020000100300001011000010120000101300001021000010220000102300001031000010320000
21000010220000102300001031000010320000103300001101000011020000110300001111000011
10330000110100001102000011030000111100001112000011130000112100001122000011230000
00011020000110300001111000011120000111300001121000011220000112300001131000011320
30000001100000012000000130000002100000022000000230000003100000032000000330000010
32300000331000003320000033300001001000010020000100300001011000010120000101300001
11300000121000001220000012300000131000001320000013300000201000002020000020300000
10000000200000003000000110000001200000013000000210000002200000023000000310000003
00110300001111000011120000111300001121000011220000112300001131000011320000113300
00020000000300000011000000120000001300000021000000220000002300000031000000320000
00010310000103200001033000011010000110200001103000011110000111200001113000011210
00001300000021000000220000002300000031000000320000003300000101000001020000010300
02100001022000010230000103100001032000010330000110100001102000011030000111100001
00000122000001230000013100000132000001330000020100000202000002030000021100000212
00000332000003330000100100001002000010030000101100001012000010130000102100001022
00001103000011110000111200001113000011210000112200001123000011310000113200001133
32000010330000110100001102000011030000111100001112000011130000112100001122000011
01000003020000030300000311000003120000031300000321000003220000032300000331000003
20000023300000301000003020000030300000311000003120000031300000321000003220000032
01110000011200000113000001210000012200000123000001310000013200000133000002010000
00130000002100000022000000230000003100000032000000330000010100000102000001030000
11000000120000001300000021000000220000002300000031000000320000003300000101000001
